@misc{conveyor,
	title="Принципы конвейерной технологии [Электронный ресурс]",
	howpublished="Режим доступа: \url{https://www.sites.google.com/site/shoradimon/18-principy-konvejernoj-tehnologii} (дата обращения: 24.12.2023)"
}

@misc{cpp-time,
	title="clock(3) — Linux [Электронный ресурс].",
	howpublished="Режим доступа: \url{https://man7.org/linux/man-pages/man3/clock.3.html} (дата обращения: 28.09.2023)."
}

@misc{conveyor_desc,
	title="Конвейерная обработка данных [Электронный ресурс]",
	howpublished="Режим доступа: \url{https://studfile.net/preview/1083252/page:25/} (дата обращения: 24.12.2023)"
}



@misc{merge-sort,
	title="Merge sort [Электронный ресурс].",
	howpublished="Режим доступа: \url{https://nauchniestati.ru/spravka/algoritm-sortirovki-sliyaniem} (дата обращения: 06.12.2023)."
}


@misc{cpp-time,
	title="C library function clock() [Электронный ресурс].",
	howpublished="--- Режим доступа: \url{https://linux.die.net/man/3/clock_gettime} (дата обращения: 28.09.2023)."
}
@misc{WSL2,
	title="Что такое WSL [Электронный ресурс].",
	howpublished="--- Режим доступа: \url{https://learn.microsoft.com/ru-ru/windows/wsl/about} (дата обращения: 28.09.2023)."
}

@misc{intel,
	title="Intel [Электронный ресурс].",
	howpublished="--- Режим доступа: \url{https://ark.intel.com/content/www/ru/ru/ark/products/201839/intel-core-i510300h-processor-8m-cache-up-to-4-50-ghz.html} (дата обращения: 27.09.2023)"
}

@misc{conctail_sort,
	title="A comparative Study of Sorting Algorithms  
	Comb, Cocktail and Counting Sorting  [Электронный ресурс].",
	howpublished="--- Режим доступа:
	\url{https://www.researchgate.net/profile/Ashraf-Maghari/publication/314753240_A_comparative_Study_of_Sorting_Algorithms_Comb_Cocktail_and_Counting_Sorting/links/58c57219aca272e36dda981b/A-comparative-Study-of-Sorting-Algorithms-Comb-Cocktail-and-Counting-Sorting.pdf} (дата обращения: 09.11.2023)"
}

@misc{article_sorts,
	title="Тема 3. Компьютерный анализ данных. Лекция 10. Методы и алгоритмы обработки и анализа данных [Электронный ресурс]",
	howpublished="Режим доступа: \url{http://imamod.ru/~polyakov/arc/stud/mmca/lecture_10.pdf} (дата обращения: 09.11.2023)"
}


@misc{windows,
	title="Windows 10 Pro 2h21 64-bit  [Электронный ресурс]",
	howpublished="--- Режим доступа: \url{https://www.microsoft.com/ru-ru/software-download/windows10} (дата обращения: 28.09.2023)."
}