

@misc{graph,
	title="Математические основы параллельных вычислений [Электронный ресурс].",
	howpublished="--- Режим доступа: \url{https://intuit.ru/studies/courses/4447/983/lecture/14919} (дата обращения: 06.12.2023)."
}

