

@misc{cpp-time,
	title="C library function clock() [Электронный ресурс].",
	howpublished="--- Режим доступа: \url{https://linux.die.net/man/3/clock_gettime} (дата обращения: 28.09.2023)."
}
@misc{WSL2,
	title="Что такое WSL [Электронный ресурс].",
	howpublished="--- Режим доступа: \url{https://learn.microsoft.com/ru-ru/windows/wsl/about} (дата обращения: 28.09.2023)."
}

@misc{intel,
	title="Intel [Электронный ресурс].",
	howpublished="--- Режим доступа: \url{https://ark.intel.com/content/www/ru/ru/ark/products/201839/intel-core-i510300h-processor-8m-cache-up-to-4-50-ghz.html} (дата обращения: 27.09.2023)"
}



@misc{windows,
	title="Windows 10 Pro 2h21 64-bit  [Электронный ресурс]",
	howpublished="--- Режим доступа: \url{https://www.microsoft.com/ru-ru/software-download/windows10} (дата обращения: 28.09.2023)."
}





@inbook{book_matrix,
	author="И. И. Баварин",
	title="Высшая математика: учебник по естественно-научным направлениям и специальностям.",
	publisher="--- М.: Гуманит. изд. центр ВЛАДОС",
	page="45--49",
	language="russian",
	year=2003
}

@inbook{book_vinograd,
	author="Д. Л. Головашкин",
	title="Векторные алгоритмы вычислительной линейной алгебры:
	учеб. пособие.",
	publisher="--- Самара: Изд-во Самарского университета",
	pages="28-35",
	language="russian",
	year=2019
}

